<?xml version="1.0" encoding="UTF-8"?><collection xmlns="http://www.loc.gov/MARC21/slim"><record><leader>00304nam--2200121-i-4500</leader><controlfield tag="001">000002463</controlfield><controlfield tag="002">20161230</controlfield><controlfield tag="005">20161230201025</controlfield><controlfield tag="008">060222s1000------------r-----000-0-eng-d</controlfield><datafield ind1=" " ind2=" " tag="245"><subfield code="a">Television engineering handbook</subfield></datafield><datafield ind1=" " ind2=" " tag="260"><subfield code="a">New York, Mcgrwaw, 1957. Pag. Dif. + 2 Pl</subfield></datafield><datafield ind1=" " ind2=" " tag="700"><subfield code="a">Fink, D. G</subfield></datafield><datafield ind1=" " ind2=" " tag="852"><subfield code="a">12357</subfield></datafield></record></collection>